<record><leader>00000cas a22000007a 4500</leader><controlfield tag="001">10541971</controlfield><controlfield tag="008">840320d17961799njuwr ne      0    0eng d</controlfield><controlfield tag="009">3781</controlfield><datafield ind1=" " ind2=" " tag="010"><subfield code="a">sn 84026652 </subfield></datafield><datafield ind1=" " ind2=" " tag="040"><subfield code="a">NPU</subfield><subfield code="b">eng</subfield><subfield code="c">NPU</subfield><subfield code="d">DLC</subfield><subfield code="d">NPX</subfield><subfield code="d">NPA</subfield><subfield code="d">NJW</subfield><subfield code="d">OCLCG</subfield><subfield code="d">KRTAS</subfield></datafield><datafield ind1="1" ind2=" " tag="029"><subfield code="a">AU@</subfield><subfield code="b">000025785627</subfield></datafield><datafield ind1=" " ind2=" " tag="042"><subfield code="a">msc</subfield></datafield><datafield ind1="0" ind2="0" tag="050"><subfield code="a">Newspaper</subfield></datafield><datafield ind1="0" ind2="4" tag="245"><subfield code="a">The State gazette, &amp; New-Jersey advertiser.</subfield></datafield><datafield ind1="0" ind2="0" tag="246"><subfield code="a">State gazette, and New Jersey advertiser</subfield></datafield><datafield ind1=" " ind2=" " tag="260"><subfield code="a">Trenton, N.J. :</subfield><subfield code="b">Printed by Matthias Day,</subfield><subfield code="c">1796-1799.</subfield></datafield><datafield ind1=" " ind2=" " tag="300"><subfield code="a">v. ;</subfield><subfield code="c">46 cm.</subfield></datafield><datafield ind1=" " ind2=" " tag="310"><subfield code="a">Weekly</subfield></datafield><datafield ind1="0" ind2=" " tag="362"><subfield code="a">Vol. 4, no. 45 (July 12, 1796)-v. 7, no. 26 (Feb. 26, 1799).</subfield></datafield><datafield ind1=" " ind2=" " tag="500"><subfield code="a">References: Evans 31230; Brigham, C.S.  Amer. newspapers, p. 522.</subfield></datafield><datafield ind1="1" ind2=" " tag="700"><subfield code="a">Day, Matthias,</subfield><subfield code="d">1766-1844.</subfield></datafield><datafield ind1=" " ind2=" " tag="752"><subfield code="a">United States</subfield><subfield code="b">New Jersey</subfield><subfield code="c">Mercer</subfield><subfield code="d">Trenton.</subfield></datafield><datafield ind1="0" ind2="0" tag="780"><subfield code="t">New-Jersey State gazette (Trenton, N.J. : 1792)</subfield><subfield code="w">(DLC)sn 84026651</subfield><subfield code="w">(OCoLC)10541675</subfield></datafield><datafield ind1="0" ind2="0" tag="785"><subfield code="t">New-Jersey State gazette (Trenton, N.J. : 1799)</subfield><subfield code="w">(DLC)sn 84020598</subfield><subfield code="w">(OCoLC)11219114</subfield></datafield><datafield ind1=" " ind2=" " tag="938"><subfield code="a">Kirtas Technologies, Inc.</subfield><subfield code="b">KRTS</subfield><subfield code="n">738306</subfield></datafield></record>